3616 4564
262 238 485 403 vosge·
553 289 651 376 Ao
705 280 1145 386 onumxxxu.
1330 303 1431 418 ιε).
1508 319 1513 336 ‘

84 451 90 458 '
264 467 356 564 φτ
375 455 415 530 in
433 453 744 530 communionem
763 445 968 533 adsciverat
992 453 1160 552 Gentes,
1187 478 1232 539 ut
1265 456 1406 544 dehine

268 569 311 643 iu
337 565 447 642 terris
461 552 702 640 constitueret
721 557 936 672 Populum,
992 563 1145 676 Populo
1173 577 1291 652 veteri
1308 595 1402 656 cou-

267 665 565 760 tradistinuum,
595 690 636 750 ut
651 667 700 752 de
716 673 781 761 iis,
813 673 865 754 ris.
889 695 952 752 21.
980 668 1025 756 ἂ
1056 699 1119 782 35.
1204 738 1209 750 ,

324 779 512 866 XVlll.
552 777 705 886 Quibus
732 775 798 892 sup
828 777 932 862 ositis
958 782 1168 877 videamus,
1200 785 1400 892 quomodo

264 887 372 975 hune
394 885 541 972 versum
566 891 770 1001 expediant
793 804 914 970 hom
943 891 1048 981 Viri,
1108 899 1148 973 ui
1176 894 1238 976 hie
1266 915 1401 1008 putant

266 1010 325 1114 agi
350 1003 399 1086 de
423 1003 624 1082 Romanis.
656 999 762 1080 Prius
792 995 925 1078 facile:
957 921 1103 1080 licelelq

266 1108 371 1194 suam
397 1135 478 1190 nun
501 1105 575 1188 else
598 1129 643 1188 ut-
661 1111 724 1190 uu
754 1131 815 1186 ern
833 1111 1113 1208 Romanorum.
1167 1111 1317 1222 Nempe
1344 1141 1401 1196 ra·

269 1215 549 1312 tionemreddi
573 1215 620 1298 ab
645 1131 830 1309 hechin,
862 1242 979 1324 quare
1000 1223 1075 1332 ipsa
1102 1231 1276 1330 ternpore
1295 1225 1400 1306 Con·

1091 1029 1123 1090 ra
1149 1011 1220 1090 uit,
1248 1011 1402 1118 Rupem
1547 1093 1552 1100 ,

270 1318 1015 1438 stantinldehostibussuis'triumphallet:
1044 1330 1423 1446 Ruptmenitusrrom,
1484 1310 1488 1317 ’
1522 1419 1526 1434 ,
1645 1357 1654 1370 ·

271 1465 352 1520 uon
367 1433 441 1519 effe
458 1455 499 1516 ut
516 1439 658 1546 Rupem
673 1441 938 1527 Romanorum,
977 1437 1064 1518 he.
1102 1435 1302 1520 Christum
1338 1445 1403 1538 Je-

270 1547 355 1654 som
371 1545 445 1632 else
458 1549 658 1626 fortiorem
673 1547 821 1636 Marte,
849 1545 1036 1631 Romane
1054 1547 1403 1658 Reipublicael'mz·

271 1655 370 1757 lide,
424 1682 505 1766 quo
530 1663 688 1736 nomine
711 1653 898 1736 Diabolus
922 1662 1019 1736 inter
1036 1657 1404 1762 Romanoscoleba·

272 1787 347 1848 tur.
403 1767 447 1846 ld
476 1787 567 1846 vero
587 1767 691 1845 redte
710 1762 894 1846 hellenus
913 1763 1109 1876 proeedit‚
1135 1763 1180 1848 δι
1197 1765 1295 1848 nihil
1321 1773 1406 1852 titii

269 1875 398 1958 habet.
424 1873 502 1955 Sed
517 1872 609 1980 quid
624 1872 663 1956 id
683 1869 746 1954 sibi
766 1869 871 1954 vult?
888 1874 993 1981 quod
1010 1873 1194 1982 sequimr:
1214 1875 1408 1962 Etinr'mr'cr'

275 1983 384 2072 nosti
400 1979 569 2084 Judr'ces,
599 1979 646 2064 sc.
671 2003 805 2080 eruut,
831 2007 879 2064 ex
902 1989 1084 2064 sententia
1098 1985 1318 2086 Doctorum
1335 1987 1408 2070 Vi»
1428 2047 1433 2062 .

276 2121 419 2180 torum.
475 2093 639 2178 Censent
655 2089 730 2185 illi,
762 2089 877 2174 alludi
893 2091 952 2203 his
969 2093 1095 2178 verbis
1110 2095 1157 2178 ad
1181 2092 1409 2180 Concilium

277 2205 512 2302 Nieaenum‚
539 2209 580 2285 in
607 2229 687 2312 quo
711 2197 797 2312 post
821 2226 998 2315 pacatum
1023 2201 1173 2288 Orbem
1185 2205 1410 2290 Romanum

92 2318 98 2336 '
137 2305 141 2322 “
268 2313 298 2396 'i
315 2313 569 2398 Constantino
594 2312 727 2392 allerte
755 2307 809 2392 esi
846 2337 939 2399 vera
973 2311 1166 2398 Divinrrar
1198 2311 1289 2400 Frlir'
1320 2311 1410 2398 Dei.

275 2421 455 2503 ldautem
464 2419 654 2516 Judicium
663 2415 738 2503 elle
746 2417 951 2502 solenniter
959 2420 1108 2506 intumi
1115 2421 1285 2536 pluribus
1294 2433 1412 2508 etiam

275 2533 466 2614 Romanis
481 2527 716 2640 hypocritis,
743 2535 782 2610 in
799 2531 962 2640 Synodo
981 2533 1166 2628 uterne,
1180 2540 1248 2641 qui
1262 2529 1410 2618 subdoli

278 2661 407 2736 erant,
434 2635 479 2722 &
500 2643 582 2720 veri
609 2635 737 2720 hostes
762 2639 966 2735 Ecclefiae,
996 2637 1042 2724 iit
1068 2637 1411 2748 Christomentie.

259 2749 435 2845 huntur,
462 2747 525 2832 sed
547 2747 719 2830 utilitatis
741 2743 862 2832 caulla
885 2751 922 2832 se
944 2747 1103 2834 Christo
1128 2749 1214 2860 Jesu
1241 2748 1412 2849 subjicie-

259 2851 393 2952 'bant,
422 2879 537 2966 atque
560 2854 679 2950 adeo,
705 2855 797 2938 licet
814 2865 894 2940 veri
912 2853 1039 2942 hostes
1057 2855 1178 2945 esstnt
1200 2857 1340 2943 Christi
1366 2859 1414 2945 δε

279 2961 497 3063 ΕοεΙεΐικ,,
520 2963 672 3078 publice
704 2987 831 3050 tamen
869 2969 1122 3056 Divinitatem
1148 2965 1290 3055 Christi
1318 2967 1411 3056 Filii

278 3079 353 3159 Dei
367 3075 540 3162 adverlus
557 3077 730 3188 Paganos
745 3073 791 3160 δι
808 3081 973 3164 Arianos
988 3075 1133 3164 solenni
1140 3079 1291 3188 iudicio
1319 3101 1413 3166 con-

277 3181 483 3294 fitebantur
501 3185 851 3292 mqueassfflbant.
908 3185 1018 3298 Quid
1037 3217 1198 3304 negem,
1229 3189 1315 3276 haee
1338 3185 1414 3274 esse
1581 3208 1584 3216 '
1624 3151 1630 3164 ⁸

254 3323 259 3331 ’
277 3297 369 3384 dura
386 3294 433 3384 δε
448 3295 668 3382 durilsrmti
697 3301 964 3396 Primoenin,
980 3301 1086 3388 ande
1103 3299 1412 3392 rrrruivinirare

258 3409 422 3496 'Christi
449 3411 533 3494 tun
566 3413 641 3492 Dei
662 3407 892 3522 disputatum
907 3406 963 3492 est
985 3416 1084 3493 inter
1100 3407 1343 3496 Christianos
1366 3407 1415 3494 δε

278 3513 474 3630 Paganom
502 3543 551 3598 en
567 3545 649 3600 non
665 3525 796 3622 potius
811 3525 911 3602 inter
931 3517 1171 3604 Christianos
1186 3521 1314 3634 ipsos?
1340 3521 1416 3600 At.

253 3651 349 3816 ,³:1¹1
372 3625 438 3708 hie
458 3621 619 3708 debebat
640 3651 688 3724 ert
712 3625 920 3742 hypothefi
955 3627 1202 3714 Eruditornm
1229 3631 1416 3714 Virorum

255 3805 259 3814 .
313 3739 411 3814 'imi
436 3731 696 3818 controversia
729 3744 827 3820 inter
864 3733 1108 3844 Christianos
1147 3735 1194 3824 lic
1231 3735 1263 3814 P
1358 3755 1415 3816 os.

283 3839 321 3928 b.
350 3843 416 3927 Au
436 3835 634 3950 Jurlicium
659 3843 709 3930 de
730 3847 944 3933 Divinitrte
965 3845 1049 3930 Filii
1066 3845 1164 3938 Dei,
1184 3841 1233 3928 de
1257 3847 1349 3923 'um
1376 3847 1419 3928 in

254 4017 259 4030 .
281 3954 383 4067 Syn.
399 3950 442 4040 N
448 3955 521 4044 ic„
550 3947 632 4033 ullo
658 3942 777 4042 eludo
791 3955 866 4148 dicAi
881 3949 1005 4066 potest
1028 3951 1173 4036 editum
1190 3941 1265 4038 elle
1282 3945 1419 4154 affigo.

301 4125 308 4138 ,
492 4137 494 4140 .
877 4087 899 4148 a
927 4087 951 4141 2
1376 4089 1422 4152 us
